% This file was created with JabRef 2.9.2.
% Encoding: UTF-8

@BOOK{hackingWebAppsBuch,
  title = {Hacking Web Apps},
  publisher = {Syngress},
  year = {2012},
  editor = {Jorge Blanco Alcover},
  author = {Mike Shema},
  owner = {Nanak}
}

@BOOK{xssBuch,
  title = {Cross-Site Scripting},
  publisher = {O'Reilly},
  year = {2008},
  author = {Paul Sebastian Ziegler},
  owner = {Nanak}
}

@ONLINE{ciscoSQLInjection,
  note = {\url{http://www.cisco.com/web/about/security/intelligence/sql_injection.html}},
  title = {Understanding SQL Injection},
  url = {http://www.cisco.com/web/about/security/intelligence/sql_injection.html},
  year = {2014-04-22},
  owner = {Nanak}
}

@ONLINE{heiseRisiken,
  note = {\url{http://www.heise.de/developer/artikel/Querschau-der-Risiken-1028917.html}},
  title = {Querschau der Risiken - Heise.de},
  url = {http://www.heise.de/developer/artikel/Querschau-der-Risiken-1028917.html},
  year = {2014-04-22},
  owner = {Nanak}
}

@ONLINE{owaspCSRF,
  note = {\url{https://www.owasp.org/index.php/Cross-Site_Request_Forgery_%28CSRF%29}},
  title = {Cross-Site Request Forgery (CSRF)},
  url = {https://www.owasp.org/index.php/Cross-Site_Request_Forgery_%28CSRF%29},
  year = {2014-04-22},
  owner = {Nanak}
}

@ONLINE{sqlinjectionTutorial,
  note = {\url{https://www.udemy.com/blog/sql-injection-tutorial/}},
  title = {SQLI Tutorial},
  url = {https://www.udemy.com/blog/sql-injection-tutorial/},
  year = {2014-04-22},
  owner = {Nanak}
}

@ONLINE{vulnerabilityReport2014,
  note = {\url{https://info.cenzic.com/2013-Application-Security-Trends-Report.html}},
  title = {Application Vulnerability Trends Report: 2014},
  url = {https://info.cenzic.com/2013-Application-Security-Trends-Report.html},
  year = {2014-04-19},
  owner = {Nanak}
}

@comment{jabref-entrytype: Online: req[note;title;url;year] opt[author]}

